@inproceedings{collings2014openflow,
  title={An OpenFlow-based prototype of SDN-oriented stateful hardware firewalls},
  author={Collings, Jake and Liu, Jun},
  booktitle={2014 IEEE 22nd International Conference on Network Protocols},
  pages={525--528},
  year={2014},
  organization={IEEE}
}

@article{salah2011performance,
  title={Performance modeling and analysis of network firewalls},
  author={Salah, Khaled and Elbadawi, Khalid and Boutaba, Raouf},
  journal={IEEE Transactions on network and service management},
  volume={9},
  number={1},
  pages={12--21},
  year={2011},
  publisher={IEEE}
}


@inproceedings{porras2012security,
  title={A security enforcement kernel for OpenFlow networks},
  author={Porras, Philip and Shin, Seungwon and Yegneswaran, Vinod and Fong, Martin and Tyson, Mabry and Gu, Guofei},
  booktitle={Proceedings of the first workshop on Hot topics in software defined networks},
  pages={121--126},
  year={2012}
}

@inproceedings{shin2013fresco,
  title={Fresco: Modular composable security services for software-defined networks},
  author={Shin, Seung Won and Porras, Phillip and Yegneswara, Vinod and Fong, Martin and Gu, Guofei and Tyson, Mabry and others},
  booktitle={20th Annual Network \& Distributed System Security Symposium},
  year={2013},
  organization={Ndss}
}





@inproceedings{suh2014building,
  title={Building firewall over the software-defined network controller},
  author={Suh, Michelle and Park, Sae Hyong and Lee, Byungjoon and Yang, Sunhee},
  booktitle={16th International Conference on Advanced Communication Technology},
  pages={744--748},
  year={2014},
  organization={IEEE}
}


@article{fundation2012software,
  title={Software-defined networking: The new norm for networks},
  author={Fundation, Open Networking},
  journal={ONF White Paper},
  volume={2},
  number={2-6},
  pages={11},
  year={2012}
}


@incollection{wang2013towards,
  title={Towards a security-enhanced firewall application for openflow networks},
  author={Wang, Juan and Wang, Yong and Hu, Hongxin and Sun, Qingxin and Shi, He and Zeng, Longjie},
  booktitle={Cyberspace Safety and Security},
  pages={92--103},
  year={2013},
  publisher={Springer}
}


@inproceedings{bakker2016network,
  title={Network-wide virtual firewall using SDN/OpenFlow},
  author={Bakker, Jarrod N and Welch, Ian and Seah, Winston KG},
  booktitle={2016 IEEE Conference on Network Function Virtualization and Software Defined Networks (NFV-SDN)},
  pages={62--68},
  year={2016},
  organization={IEEE}
}



@article{opengroup_erosion,
  title = {Architecture and Technical FAQs},
  author = {The Open Group},
  year={2015},
  journal = {collaboration.opengroup.org/jericho/faq-at.htm}
}




